%% LaTeX2e file `myPaper.bib'
%% generated by the `filecontents' environment
%% from source `myPaper' on 2024/03/18.
%%
 @ONLINE {key,
  url= {http://www.ross.net/crc/download/crc_v3.txt},
  urldate = {2011-10-02},
  author = {Ross Williams},
  title = {A PAINLESS GUIDE TO CRC ERROR DETECTION ALGORITHMS}
 }
